[
  { "id": 1, "symbol": "AAPL", "side": "BUY", "qty": 50, "price": 179.25, "timestamp": 1722544901 },
  { "id": 2, "symbol": "AAPL", "side": "SELL", "qty": 100, "price": 183.10, "timestamp": 1722544912 },
  { "id": 3, "symbol": "AAPL", "side": "BUY", "qty": 30, "price": 175.00, "timestamp": 1722544922 },
  { "id": 4, "symbol": "AAPL", "side": "SELL", "qty": 25, "price": 181.80, "timestamp": 1722544933 },
  { "id": 5, "symbol": "AAPL", "side": "BUY", "qty": 75, "price": 180.50, "timestamp": 1722544945 },
  { "id": 6, "symbol": "AAPL", "side": "SELL", "qty": 60, "price": 178.20, "timestamp": 1722544957 },
  { "id": 7, "symbol": "AAPL", "side": "BUY", "qty": 20, "price": 185.10, "timestamp": 1722544968 },
  { "id": 8, "symbol": "AAPL", "side": "SELL", "qty": 90, "price": 177.95, "timestamp": 1722544980 },
  { "id": 9, "symbol": "AAPL", "side": "BUY", "qty": 40, "price": 182.65, "timestamp": 1722544991 },
  { "id": 10, "symbol": "AAPL", "side": "SELL", "qty": 50, "price": 179.80, "timestamp": 1722545003 },
  { "id": 11, "symbol": "AAPL", "side": "BUY", "qty": 70, "price": 180.25, "timestamp": 1722545014 },
  { "id": 12, "symbol": "AAPL", "side": "SELL", "qty": 65, "price": 174.50, "timestamp": 1722545026 },
  { "id": 13, "symbol": "AAPL", "side": "BUY", "qty": 15, "price": 186.00, "timestamp": 1722545037 },
  { "id": 14, "symbol": "AAPL", "side": "SELL", "qty": 55, "price": 180.75, "timestamp": 1722545049 },
  { "id": 15, "symbol": "AAPL", "side": "BUY", "qty": 45, "price": 178.90, "timestamp": 1722545061 },
  { "id": 16, "symbol": "AAPL", "side": "SELL", "qty": 80, "price": 182.00, "timestamp": 1722545073 },
  { "id": 17, "symbol": "AAPL", "side": "BUY", "qty": 25, "price": 176.40, "timestamp": 1722545084 },
  { "id": 18, "symbol": "AAPL", "side": "SELL", "qty": 35, "price": 184.70, "timestamp": 1722545096 },
  { "id": 19, "symbol": "AAPL", "side": "BUY", "qty": 100, "price": 179.90, "timestamp": 1722545108 },
  { "id": 20, "symbol": "AAPL", "side": "SELL", "qty": 20, "price": 173.50, "timestamp": 1722545119 },
  { "id": 21, "symbol": "AAPL", "side": "BUY", "qty": 95, "price": 177.35, "timestamp": 1722545131 },
  { "id": 22, "symbol": "AAPL", "side": "SELL", "qty": 38, "price": 180.90, "timestamp": 1722545142 },
  { "id": 23, "symbol": "AAPL", "side": "BUY", "qty": 60, "price": 179.10, "timestamp": 1722545154 },
  { "id": 24, "symbol": "AAPL", "side": "SELL", "qty": 48, "price": 181.20, "timestamp": 1722545166 },
  { "id": 25, "symbol": "AAPL", "side": "BUY", "qty": 55, "price": 183.80, "timestamp": 1722545178 },
  { "id": 26, "symbol": "AAPL", "side": "SELL", "qty": 22, "price": 180.60, "timestamp": 1722545190 },
  { "id": 27, "symbol": "AAPL", "side": "BUY", "qty": 35, "price": 176.80, "timestamp": 1722545202 },
  { "id": 28, "symbol": "AAPL", "side": "SELL", "qty": 65, "price": 185.90, "timestamp": 1722545214 },
  { "id": 29, "symbol": "AAPL", "side": "BUY", "qty": 18, "price": 180.35, "timestamp": 1722545226 },
  { "id": 30, "symbol": "AAPL", "side": "SELL", "qty": 77, "price": 174.90, "timestamp": 1722545238 }
]
